@article{DBLP:journals/cacm/Knuth74,
  author    = {Donald E. Knuth},
  title     = {{Computer Programming as an Art}},
  journal   = {Commun. {ACM}},
  volume    = {17},
  number    = {12},
  pages     = {667--673},
  year      = {1974},
  doi       = {10.1145/361604.361612},
  timestamp = {Tue, 07 Jun 2011 16:50:57 +0200},
  biburl    = {http://dblp.uni-trier.de/rec/bib/journals/cacm/Knuth74},
  bibsource = {dblp computer science bibliography, http://dblp.org}
}

@article{DBLP:journals/cacm/Dijkstra68a,
  author    = {Edsger W. Dijkstra},
  title     = {Letters to the editor: go to statement considered harmful},
  journal   = {Commun. {ACM}},
  volume    = {11},
  number    = {3},
  pages     = {147--148},
  year      = {1968},
  doi       = {10.1145/362929.362947},
  timestamp = {Thu, 09 Feb 2006 13:19:49 +0100},
  biburl    = {http://dblp.uni-trier.de/rec/bib/journals/cacm/Dijkstra68a},
  bibsource = {dblp computer science bibliography, http://dblp.org}
}

@book{DBLP:books/mk/GrayR93,
  author    = {Jim Gray and
               Andreas Reuter},
  title     = {Transaction Processing: Concepts and Techniques},
  publisher = {Morgan Kaufmann},
  year      = {1993},
  isbn      = {1-55860-190-2},
  timestamp = {Thu, 05 Nov 2015 19:53:28 +0100},
  biburl    = {http://dblp.uni-trier.de/rec/bib/books/mk/GrayR93},
  bibsource = {dblp computer science bibliography, http://dblp.org}
}



@inproceedings{DBLP:conf/focs/HopcroftPV75,
  author    = {{John E.} Hopcroft and
               {Wolfgang J.} Paul and
               {Leslie G.} Valiant},
  title     = {On Time versus Space and Related Problems},
  booktitle = {16th Annual Symposium on Foundations of Computer Science, Berkeley,
               California, USA, October 13-15, 1975},
  pages     = {57--64},
  year      = {1975},
  crossref  = {DBLP:conf/focs/FOCS16},
  doi       = {10.1109/SFCS.1975.23},
  timestamp = {Tue, 16 Dec 2014 09:57:24 +0100},
  biburl    = {http://dblp.uni-trier.de/rec/bib/conf/focs/HopcroftPV75},
  bibsource = {dblp computer science bibliography, http://dblp.org}
}

@proceedings{DBLP:conf/focs/FOCS16,
  title     = {16th Annual Symposium on Foundations of Computer Science, Berkeley,
               California, USA, October 13-15, 1975},
  publisher = {{IEEE} Computer Society},
  year      = {1975},
  timestamp = {Mon, 15 Dec 2014 18:48:44 +0100},
  biburl    = {http://dblp.uni-trier.de/rec/bib/conf/focs/FOCS16},
  bibsource = {dblp computer science bibliography, http://dblp.org}
}

@article{shamir2004cluster,
  title     = {Cluster graph modification problems},
  author    = {Shamir, Ron and Sharan, Roded and Tsur, Dekel},
  journal   = {Discrete Applied Mathematics},
  volume    = {144},
  number    = {1-2},
  pages     = {173--182},
  year      = {2004},
  publisher = {Elsevier}
}

@article{bastos2016efficient,
  title     = {Efficient algorithms for cluster editing},
  author    = {Bastos, Lucas and Ochi, Luiz Satoru and Protti, F{\'a}bio and Subramanian, Anand and Martins, Ivan C{\'e}sar and Pinheiro, Rian Gabriel S},
  journal   = {Journal of Combinatorial Optimization},
  volume    = {31},
  number    = {1},
  pages     = {347--371},
  year      = {2016},
  publisher = {Springer},
  doi       = {10.1007/s10878-014-9756-7}
}

@article{bevern2018parameterizing,
  author  = {Bevern, Ren√© and Froese, Vincent and Komusiewicz, Christian},
  year    = {2018},
  month   = {04},
  pages   = {},
  title   = {Parameterizing Edge Modification Problems Above Lower Bounds},
  volume  = {62},
  journal = {Theory of Computing Systems},
  doi     = {10.1007/s00224-016-9746-5}
}